@Misc{um+spec,
  author = 	 {The Cult of the Bound Variable},
  title = 	 {UM-32 "Universal Machine"},
  howpublished = {\url{http://boundvariable.org/um-spec.txt}},
  month = 	 {July},
  year = 	 {2006},
}


@Book{okasaki+pfds,
  author = 	 {Chris Okasaki},
  title = 	 {Purely Functional Datastructures},
  publisher = 	 {Cambridge University Press},
  year = 	 {1999},
}

@Misc{monad+transformer,
  author = 	 {Jeff Newbern},
  title = 	 {All About Monads},
  howpublished = {\url{http://haskell.org/all_about_monads/html/index.html}},
}

@article{partial+parsing,
 author = {Malcolm Wallace},
 title = {Partial parsing: combining choice with commitment},
 howpublished = {\url{http://www-users.cs.york.ac.uk/~malcolm/partialparse.html}},
 }
